<?xml version="1.0" encoding="UTF-8"?><record xmlns="http://www.loc.gov/MARC21/slim" xmlns:cinclude="http://apache.org/cocoon/include/1.0" xmlns:zs="http://www.loc.gov/zing/srw/">
  <leader>00925cz  a2200217n  4500</leader>
  <controlfield tag="001">n  89249330 </controlfield>
  <controlfield tag="003">DLC</controlfield>
  <controlfield tag="005">20070609074853.0</controlfield>
  <controlfield tag="008">940805n| acannaab           |a ana      </controlfield>
  <datafield tag="010" ind1=" " ind2=" ">
    <subfield code="a">n  89249330 </subfield>
  </datafield>
  <datafield tag="040" ind1=" " ind2=" ">
    <subfield code="a">DLC</subfield>
    <subfield code="c">DLC</subfield>
    <subfield code="d">DLC</subfield>
  </datafield>
  <datafield tag="110" ind1="2" ind2=" ">
    <subfield code="a">Joint Forest Management (India)</subfield>
  </datafield>
  <datafield tag="410" ind1="1" ind2=" ">
    <subfield code="a">India.</subfield>
    <subfield code="b">Joint Forest Management</subfield>
  </datafield>
  <datafield tag="410" ind1="2" ind2=" ">
    <subfield code="a">JFM</subfield>
  </datafield>
  <datafield tag="410" ind1="2" ind2=" ">
    <subfield code="a">Indian Joint Forest Management</subfield>
  </datafield>
  <datafield tag="410" ind1="2" ind2=" ">
    <subfield code="a">Joint Forestry Management (India)</subfield>
  </datafield>
  <datafield tag="410" ind1="2" ind2=" ">
    <subfield code="a">Ummaḍi Āṭavī Yājamānyaṃ (India)</subfield>
  </datafield>
  <datafield tag="410" ind1="2" ind2=" ">
    <subfield code="a">Je. Eph. Em.</subfield>
  </datafield>
  <datafield tag="670" ind1=" " ind2=" ">
    <subfield code="a">From conflict to collaboration, 1993:</subfield>
    <subfield code="b">cover (Joint Forest Management) p. 2 (JFM)</subfield>
  </datafield>
  <datafield tag="670" ind1=" " ind2=" ">
    <subfield code="a">Lessons for the resource sharing project in Zimbabwe ... 1995:</subfield>
    <subfield code="b">t.p. (Indian Joint Forest Management) p. iii (JFM, Joint Forestry Management)</subfield>
  </datafield>
  <datafield tag="670" ind1=" " ind2=" ">
    <subfield code="a">Ādivāsī prāntāllō Ummaḍi Āṭavī Yājamānyaṃ, 2001:</subfield>
    <subfield code="b">t.p. (Ummaḍi Āṭavī Yājamānyaṃ) p. 4 (Je. Eph. Em.)</subfield>
  </datafield>
</record>